%% This BibTeX bibliography file was created using BibDesk.
%% http://bibdesk.sourceforge.net/

%% Created for Tomas at 2021-04-11 10:15:07 -0400 


%% Saved with string encoding Unicode (UTF-8) 

@article{bryan2019aggregate,
	author = {Bryan, Gharad and Morten, Melanie},
	journal = {The Journal of Political Economy},
	number = {5},
	pages = {2229--2268},
	publisher = {The University of Chicago Press Chicago, IL},
	title = {{The aggregate productivity effects of internal migration: Evidence from Indonesia}},
	volume = {127},
	year = {2019}}

 @misc{oistourismtrends1819, title={{Tourism trends in Amsterdam Metropolitan Area 2018-2019}},
 author={Fedorova, Tanja and de Graaf, Laura and Sleutjes, Bart},
 url={https://onderzoek.amsterdam.nl/publicatie/tourism-trends-in-amsterdam-metropolitan-area}, 
 journal={Onderzoek en Statistiek Gemeente Amsterdam},
 year=2019} 
 


@misc{allen2021tourism,
  title={{Urban Welfare: Tourism in Barcelona}},
  author={Allen, Treb and Fuchs, Simon and Ganapati, Sharat and Graziano, Alberto and Madera, Rocio and Montoriol-Garriga, Judit},
  year={2021}
}

@techreport{miyauchi2021consumption,
  title={{Consumption access and agglomeration: Evidence from smartphone data}},
  author={Miyauchi, Yuhei and Nakajima, Kentaro and Redding, Stephen J},
  year={2021},
  institution={National Bureau of Economic Research}
}

@article{barron2021effect,
  title={{The effect of home-sharing on house prices and rents: Evidence from Airbnb}},
  author={Barron, Kyle and Kung, Edward and Proserpio, Davide},
  journal={Marketing Science},
  volume={40},
  number={1},
  pages={23--47},
  year={2021},
  publisher={INFORMS}
}

@article{diamond16,
	Author = {Rebecca Diamond},
	Date-Added = {2018-02-08 20:15:06 +0000},
	Date-Modified = {2018-02-08 20:15:06 +0000},
	Journal = {American Economic Review},
	Number = {3},
	Pages = {479-524},
	Title = {{The determinants and welfare implications of US workers' diverging location choices by skill: 1980-2000}},
	Volume = {106},
	Year = {2016}}
	
@article{diamond2019effects,
  title={The effects of rent control expansion on tenants, landlords, and inequality: Evidence from San Francisco},
  author={Diamond, Rebecca and McQuade, Tim and Qian, Franklin},
  journal={American Economic Review},
  volume={109},
  number={9},
  pages={3365--94},
  year={2019}
}

@article{somaini2016algorithm,
  title={An algorithm to estimate the two-way fixed effects model},
  author={Somaini, Paulo and Wolak, Frank A},
  journal={Journal of Econometric Methods},
  volume={5},
  number={1},
  pages={143--152},
  year={2016},
  publisher={De Gruyter}
}

@article{ahlfeldt2015economics,
  title={{The economics of density: Evidence from the Berlin Wall}},
  author={Ahlfeldt, Gabriel M and Redding, Stephen J and Sturm, Daniel M and Wolf, Nikolaus},
  journal={Econometrica},
  volume={83},
  number={6},
  pages={2127--2189},
  year={2015},
  publisher={Wiley Online Library}
}

@article{bayer2016dynamic,
  title={A dynamic model of demand for houses and neighborhoods},
  author={Bayer, Patrick and McMillan, Robert and Murphy, Alvin and Timmins, Christopher},
  journal={Econometrica},
  volume={84},
  number={3},
  pages={893--942},
  year={2016},
  publisher={Wiley Online Library}
}

@article{arcidiacono2011conditional,
  title={Conditional choice probability estimation of dynamic discrete choice models with unobserved heterogeneity},
  author={Arcidiacono, Peter and Miller, Robert A},
  journal={Econometrica},
  volume={79},
  number={6},
  pages={1823--1867},
  year={2011},
  publisher={Wiley Online Library}
}

@article{arcidiacono2011practical,
  title={Practical methods for estimation of dynamic discrete choice models},
  author={Arcidiacono, Peter and Ellickson, Paul B},
  journal={Annu. Rev. Econ.},
  volume={3},
  number={1},
  pages={363--394},
  year={2011},
  publisher={Annual Reviews}
}

@article{aguirregabiria2010dynamic,
  title={{Dynamic discrete choice structural models: A survey}},
  author={Aguirregabiria, Victor and Mira, Pedro},
  journal={Journal of Econometrics},
  volume={156},
  number={1},
  pages={38--67},
  year={2010},
  publisher={Elsevier}
}


@article{scott2013dynamic,
  title={Dynamic discrete choice estimation of agricultural land use},
  author={Scott, Paul T},
  journal={Toulouse School of Economics Working Paper},
  volume={526},
  year={2013}
}

@article{kalouptsidi2021linear,
  title={{Linear IV regression estimators for structural dynamic discrete choice models}},
  author={Kalouptsidi, Myrto and Scott, Paul T and Souza-Rodrigues, Eduardo},
  journal={Journal of Econometrics},
  volume={222},
  number={1},
  pages={778--804},
  year={2021},
  publisher={Elsevier}
}

@article{hotz1993conditional,
  title={Conditional choice probabilities and the estimation of dynamic models},
  author={Hotz, V Joseph and Miller, Robert A},
  journal={The Review of Economic Studies},
  volume={60},
  number={3},
  pages={497--529},
  year={1993},
  publisher={Wiley-Blackwell}
}

@article{traiberman2019occupations,
  title={{Occupations and import competition: Evidence from Denmark}},
  author={Traiberman, Sharon},
  journal={American Economic Review},
  volume={109},
  number={12},
  pages={4260--4301},
  year={2019}
}

@article{guerrieri2013endogenous,
  title={Endogenous gentrification and housing price dynamics},
  author={Guerrieri, Veronica and Hartley, Daniel and Hurst, Erik},
  journal={Journal of Public Economics},
  volume={100},
  pages={45--60},
  year={2013},
  publisher={Elsevier}
}


@inproceedings{baum2016causes,
  title={Causes and Consequences of Central Neighborhood Change, 1970--2010},
  author={Baum-Snow, Nathaniel and Hartley, Daniel},
  booktitle={Research Symposium on Gentrification and Neighborhood Change},
  pages={57--85},
  year={2016}
}

@techreport{bayer2004equilibrium,
  title={An equilibrium model of sorting in an urban housing market},
  author={Bayer, Patrick and McMillan, Robert and Rueben, Kim},
  year={2004},
  institution={National Bureau of Economic Research}
}



@misc{vandijk2019,
  title={{The socio-economic consequences of housing assistance}},
  author={van Dijk, Winnie},
  year={2019}
}

@article{van2018unraveling,
  title={{The unraveling of Amsterdamâ€™s unitary rental system}},
  author={van Duijne, Robbin Jan and Ronald, Richard},
  journal={Journal of Housing and the Built Environment},
  volume={33},
  number={4},
  pages={633--651},
  year={2018},
  publisher={Springer}
}

@book{fitzsimons2013dutch,
  title={{The Dutch private rented sector}},
  author={Fitzsimons, Jonathan},
  year={2013},
  publisher={Bolig{\o}konomisk Videncenter/The Knowledge Centre for Housing Economics}
}

@article{fradkin2018determinants,
  title={{The determinants of online review informativeness: Evidence from field experiments on Airbnb}},
  author={Fradkin, Andrey and Grewal, Elena and Holtz, David},
  journal={Available at SSRN 2939064},
  year={2018}
}

@article{musterd2014public,
  title={{Public housing for whom? Experiences in an era of mature neo-liberalism: The Netherlands and Amsterdam}},
  author={Musterd, Sako},
  journal={Housing Studies},
  volume={29},
  number={4},
  pages={467--484},
  year={2014},
  publisher={Taylor \& Francis}
}


@article{van2005amsterdam,
  title={{The Amsterdam housing market and the role of housing associations}},
  author={van der Veer, Jeroen and Schuiling, Dick},
  journal={Journal of Housing and the Built Environment},
  volume={20},
  number={2},
  pages={167--181},
  year={2005},
  publisher={Springer}
}

@inproceedings{regout2016,
  title={{Affordable housing in the Netherlands: How it started, what are the benefits and what are the challenges today}},
  author={Regout, Viviane},
  booktitle={ETH Forum Wohnungsbau 2016},
  url={www.wohnforum.arch.ethz.ch/sites/default/files/tagungen/tagungsbericht_regout.pdf},
  year={2016}
}

@inproceedings{barron2018sharing,
  title={{The Sharing Economy and Housing Affordability: Evidence from Airbnb.}},
  author={Barron, Kyle and Kung, Edward and Proserpio, Davide},
  booktitle={EC},
  pages={5},
  year={2018}
}

@article{goldsmith2018bartik,
  title={Bartik instruments: What, when, why, and how},
  author={Goldsmith-Pinkham, Paul and Sorkin, Isaac and Swift, Henry},
  journal={American Economic Review},
  volume={110},
  number={8},
  pages={2586--2624},
  year={2020},
  publisher={American Economic Association 2014 Broadway, Suite 305, Nashville, TN 37203}
}

@article{goldsmith2020bartik,
  title={Bartik instruments: What, when, why, and how},
  author={Goldsmith-Pinkham, Paul and Sorkin, Isaac and Swift, Henry},
  journal={American Economic Review},
  volume={110},
  number={8},
  pages={2586--2624},
  year={2020},
  publisher={American Economic Association 2014 Broadway, Suite 305, Nashville, TN 37203}
}

@article{roback1982wages,
  title={{Wages, rents, and the quality of life}},
  author={Roback, Jennifer},
  journal={Journal of Political Economy},
  volume={90},
  number={6},
  pages={1257--1278},
  year={1982},
  publisher={The University of Chicago Press}
}

@article{rosen1979wage,
  title={{Wage-based indexes of urban quality of life}},
  author={Rosen, Sherwin},
  journal={Current issues in urban economics},
  pages={74--104},
  year={1979},
  publisher={Johns Hopkins Univ. Press}
}

@article{zervas2017rise,
  title={{The rise of the sharing economy: Estimating the impact of Airbnb on the hotel industry}},
  author={Zervas, Georgios and Proserpio, Davide and Byers, John W},
  journal={Journal of Marketing Research},
  volume={54},
  number={5},
  pages={687--705},
  year={2017},
  publisher={American Marketing Association}
}

@article{sheppard2016airbnb,
  title={{Do Airbnb properties affect house prices?}},
  author={Sheppard, Stephen and Udell, Andrew and others},
  journal={Williams College Department of Economics Working Papers},
  volume={3},
  year={2016}
}

}

@article{farronato2018welfare,
Author = {Farronato, Chiara and Fradkin, Andrey},
Title = {The Welfare Effects of Peer Entry: The Case of Airbnb and the Accommodation Industry},
Journal = {American Economic Review},
Volume = {112},
Number = {6},
Year = {2022},
Month = {June},
Pages = {1782â€“1817},
DOI = {10.1257/aer.20180260},
URL = {https://www.aeaweb.org/articles?id=10.1257/aer.20180260}}

@article{moretti2013real,
  title={{Real wage inequality}},
  author={Moretti, Enrico},
  journal={American Economic Journal: Applied Economics},
  volume={5},
  number={1},
  pages={65--103},
  year={2013}
}


@article{arellano1991some,
  title={{Some tests of specification for panel data: Monte Carlo evidence and an application to employment equations}},
  author={Arellano, Manuel and Bond, Stephen},
  journal={The Review of Economic Studies},
  volume={58},
  number={2},
  pages={277--297},
  year={1991},
  publisher={Wiley-Blackwell}
}


@article{faber2019tourism,
  title={{Tourism and economic development: Evidence from Mexico's coastline}},
  author={Faber, Benjamin and Gaubert, Cecile},
  journal={American Economic Review},
  volume={109},
  number={6},
  pages={2245--93},
  year={2019}
}

@article{bonhomme2017discretizing,
  title={Discretizing unobserved heterogeneity},
  author={Bonhomme, St{\'e}phane and Lamadon, Thibaut and Manresa, Elena},
  journal={University of Chicago, Becker Friedman Institute for Economics Working Paper},
  number={2019-16},
  year={2017}
}

@inproceedings{davis2019long,
  title={The Long-Run Effects of Low-Income Housing on Neighborhood Composition},
  author={Davis, Morris and Hartley, Daniel and Gregory, Jesse and others},
  booktitle={2019 Meeting Papers},
  number={70},
  year={2019},
  organization={Society for Economic Dynamics}
}

@book{politis1999subsampling,
  title={Subsampling},
  author={Politis, Dimitris N and Romano, Joseph P and Wolf, Michael},
  year={1999},
  publisher={Springer Science \& Business Media}
}

@article{couture2021income,
  title={Income Growth and the Distributional Effects of Urban Spatial Sorting},
  author={Couture, Victor and Gaubert, Cecile and Handbury, Jessie and Hurst, Erik},
  year={2021},
  journal = {Review of Economic Studies}
}


@article{davis2021neighborhood,
  title={Neighborhood effects and housing vouchers},
  author={Davis, Morris A and Gregory, Jesse and Hartley, Daniel A and Tan, Kegon TK},
  journal={Quantitative Economics},
  volume={12},
  number={4},
  pages={1307--1346},
  year={2021},
  publisher={Wiley Online Library}
}

@article{koster2021short,
  title={{Short-term rentals and the housing market: Quasi-experimental evidence from Airbnb in Los Angeles}},
  author={Koster, Hans RA and Van Ommeren, Jos and Volkhausen, Nicolas},
  journal={Journal of Urban Economics},
  volume={124},
  pages={103356},
  year={2021},
  publisher={Elsevier}
}

@incollection{aguirregabiria2013euler,
  title={Euler equations for the estimation of dynamic discrete choice structural models},
  author={Aguirregabiria, Victor and Magesan, Arvind},
  booktitle={Structural Econometric Models},
  pages={3--44},
  year={2013},
  publisher={Emerald Group Publishing Limited}
}

@article{bayer2007unified,
  title={A unified framework for measuring preferences for schools and neighborhoods},
  author={Bayer, Patrick and Ferreira, Fernando and McMillan, Robert},
  journal={Journal of Political Economy},
  volume={115},
  number={4},
  pages={588--638},
  year={2007},
  publisher={The University of Chicago Press}
}

@article{berry1995automobile,
  title={Automobile prices in market equilibrium},
  author={Berry, Steven and Levinsohn, James and Pakes, Ariel},
  journal={Econometrica},
  pages={841--890},
  year={1995},
  publisher={JSTOR}
}


@article{garcia2019short,
  title={{Do short-term rental platforms affect housing markets? Evidence from Airbnb in Barcelona}},
  author={Garcia-L{\'o}pez, Miquel-{\`A}ngel and Jofre-Monseny, Jordi and Mart{\'\i}nez-Mazza, Rodrigo and Seg{\'u}, Mariona},
  journal={Journal of Urban Economics},
  volume={119},
  pages={103278},
  year={2020},
  publisher={Elsevier}
}

@article{berry1994estimating,
  title={Estimating discrete-choice models of product differentiation},
  author={Berry, Steven T},
  journal={The RAND Journal of Economics},
  pages={242--262},
  year={1994},
  publisher={JSTOR}
}

@article{nevo2000practitioner,
  title={A practitioner's guide to estimation of random-coefficients logit models of demand},
  author={Nevo, Aviv},
  journal={Journal of economics \& management strategy},
  volume={9},
  number={4},
  pages={513--548},
  year={2000},
  publisher={Wiley Online Library}
}

@book{waldfogel2009tyranny,
  title={The tyranny of the market: Why you can't always get what you want},
  author={Waldfogel, Joel and Waldfogel, Joel},
  year={2009},
  publisher={Harvard University Press}
}

@article{manresa2013estimating,
  title={Estimating the structure of social interactions using panel data},
  author={Manresa, Elena},
  journal={Unpublished Manuscript. CEMFI, Madrid},
  year={2013}
}

@article{acemoglu2001colonial,
  title={The colonial origins of comparative development: An empirical investigation},
  author={Acemoglu, Daron and Johnson, Simon and Robinson, James A},
  journal={American Economic Review},
  volume={91},
  number={5},
  pages={1369--1401},
  year={2001}
}

@article{desmet2018geography,
  title={The geography of development},
  author={Desmet, Klaus and Nagy, D{\'a}vid Kriszti{\'a}n and Rossi-Hansberg, Esteban},
  journal={Journal of Political Economy},
  volume={126},
  number={3},
  pages={903--983},
  year={2018},
  publisher={University of Chicago Press Chicago, IL}
}

@book{waldfogel2009tyranny_new,
  title={The tyranny of the market: Why you can't always get what you want},
  author={Waldfogel, Joel},
  year={2009},
  publisher={Harvard University Press}
}

@article{george2003affects,
  title={Who affects whom in daily newspaper markets?},
  author={George, Lisa and Waldfogel, Joel},
  journal={Journal of Political Economy},
  volume={111},
  number={4},
  pages={765--784},
  year={2003},
  publisher={The University of Chicago Press}
}

@techreport{waldfogel1999preference,
  title={Preference externalities: An empirical study of who benefits whom in differentiated product markets},
  author={Waldfogel, Joel},
  year={1999},
  institution={National Bureau of Economic Research}
}

@article{davis2019segregated,
  title={How segregated is urban consumption?},
  author={Davis, Donald R and Dingel, Jonathan I and Monras, Joan and Morales, Eduardo},
  journal={Journal of Political Economy},
  volume={127},
  number={4},
  pages={1684--1738},
  year={2019},
  publisher={The University of Chicago Press Chicago, IL}
}

@article{calder2021distributional,
  title={The distributional impact of the sharing economy on the housing market},
  author={Calder-Wang, Sophie},
  journal={Available at SSRN 3908062},
  year={2021}
}

@techreport{garcia2020search,
  title={In Search of Peace and Quiet: The Heterogeneous Impacts of Short-Term Rentals on Housing Prices},
  author={Garcia, Brett and Miller, Keaton and Morehouse, John M},
  year={2020},
  institution={Working Paper}
}

@article{mullainathan2017machine,
  title={Machine learning: an applied econometric approach},
  author={Mullainathan, Sendhil and Spiess, Jann},
  journal={Journal of Economic Perspectives},
  volume={31},
  number={2},
  pages={87--106},
  year={2017}
}

@book{10.2307/j.ctvjnrt76,
 ISBN = {9780674750968},
 URL = {http://www.jstor.org/stable/j.ctvjnrt76},
 abstract = {This rigorous but brilliantly lucid book presents a self-contained treatment of modern economic dynamics. Stokey, Lucas, and Prescott develop the basic methods of recursive analysis and illustrate the many areas where they can usefully be applied.},
 author = {Nancy L. Stokey and Robert E. Lucas and Edward C. Prescott},
 publisher = {Harvard University Press},
 title = {Recursive Methods in Economic Dynamics},
 year = {1989}
}

@article{schweitzer1968perturbation,
  title={Perturbation theory and finite Markov chains},
  author={Schweitzer, Paul J},
  journal={Journal of Applied Probability},
  volume={5},
  number={2},
  pages={401--413},
  year={1968},
  publisher={Cambridge University Press}
}

@book{bharucha1997elements,
  title={Elements of the Theory of Markov Processes and their Applications},
  author={Bharucha-Reid, Albert T},
  year={1997},
  publisher={Courier Corporation}
}

@book{kemeny1983finite,
  title={Finite Markov chains: with a new appendix" Generalization of a fundamental matrix"},
  author={Kemeny, John G and Snell, J Laurie},
  year={1983},
  publisher={Springer}
}

@article{farhoodi2021does,
  title={{Does Airbnb Reduce Matching Frictions in the Housing Market?}},
  author={Farhoodi, Abdollah and Khazra, Nazanin and Christensen, Peter},
  journal={Available at SSRN 3923826},
  year={2021}
}


@article{hoelzlein2020two,
  title={Two-sided sorting and spatial inequality in cities},
  author={Hoelzlein, Mattias},
  journal={Berkeley, mimeograph},
  year={2020}
}

@article{allen2020tourism,
  title={Is Tourism Good for Locals? Evidence from Barcelona},
  author={Allen, Treb and Fuchs, Simon and Ganapati, Sharat and Graziano, Alberto and Madera, Rocio and Montoriol-Garriga, Judit},
  journal={Dartmouth College, mimeograph},
  year={2020}
}

@article{handbury2021poor,
  title={{Are poor cities cheap for everyone? Non-homotheticity and the cost of living across US cities}},
  author={Handbury, Jessie},
  journal={Econometrica},
  volume={89},
  number={6},
  pages={2679--2715},
  year={2021},
  publisher={Wiley Online Library}
}

@article{couture2020urban,
  title={{Urban revival in America}},
  author={Couture, Victor and Handbury, Jessie},
  journal={Journal of Urban Economics},
  volume={119},
  pages={103267},
  year={2020},
  publisher={Elsevier}
}

@article{hsiao2021coordination,
  title={Coordination and Commitment in International Climate Action: Evidence from Palm Oil},
  author={Hsiao, Allan},
  journal={Unpublished, Department of Economics, MIT},
  year={2021}
}

@article{mcfadden1974measurement,
  title={The measurement of urban travel demand},
  author={McFadden, Daniel},
  journal={Journal of public economics},
  volume={3},
  number={4},
  pages={303--328},
  year={1974},
  publisher={Elsevier}
}

@article{holmes2011diffusion,
  title={{The diffusion of Wal-Mart and economies of density}},
  author={Holmes, Thomas J},
  journal={Econometrica},
  volume={79},
  number={1},
  pages={253--302},
  year={2011},
  publisher={Wiley Online Library}
}

@article{jia2008happens,
  title={What happens when Wal-Mart comes to town: An empirical analysis of the discount retailing industry},
  author={Jia, Panle},
  journal={Econometrica},
  volume={76},
  number={6},
  pages={1263--1316},
  year={2008},
  publisher={Wiley Online Library}
}

@techreport{houde2017economies,
  title={{Economies of density in e-commerce: A study of Amazonâ€™s fulfillment center network}},
  author={Houde, Jean-Fran{\c{c}}ois and Newberry, Peter and Seim, Katja},
  year={2017},
  institution={National Bureau of Economic Research}
}

@article{buchholz2019value,
	Author = {Nicholas Buchholz and Laura Doval and Jakub Kastl and Filip Matjka and Tobias Salz},
	Date-Added = {2019-03-01 03:36:04 +0000},
	Date-Modified = {2020-08-26 19:05:57 -0400},
	Journal = {Working paper},
	Title = {The Value of Time: Evidence from Auctioned Cab Rides},
	Year = {2020}}
	
@article{frechette2019frictions,
	Author = {Frechette, Guillaume R and Lizzeri, Alessandro and Salz, Tobias},
	Journal = {American Economic Review},
	Number = {8},
	Pages = {2954--92},
	Title = {Frictions in a competitive, regulated market: Evidence from taxis},
	Volume = {109},
	Year = {2019}}
	
@article{castillo2020empirical,
	Author = {Juan Camilo Castillo},
	Date-Added = {2018-01-31 07:28:40 +0000},
	Date-Modified = {2020-11-03 15:23:23 -0600},
	Journal = {Working paper},
	Title = {Who Benefits from Surge Pricing?},
	Year = {2020}}

@article{su2022rising,
  title={The rising value of time and the origin of urban gentrification},
  author={Su, Yichen},
  journal={American Economic Journal: Economic Policy},
  volume={14},
  number={1},
  pages={402--39},
  year={2022}
}

@article{su2020measuring,
  title={Measuring the value of urban consumption amenities: A time-use approach},
  author={Su, Yichen},
  journal={Available at SSRN 3454631},
  year={2020}
}

@article{brancaccio2020geography,
  title={Geography, transportation, and endogenous trade costs},
  author={Brancaccio, Giulia and Kalouptsidi, Myrto and Papageorgiou, Theodore},
  journal={Econometrica},
  volume={88},
  number={2},
  pages={657--691},
  year={2020},
  publisher={Wiley Online Library}
}

@article{buchholz2018spatial,
  title={Spatial Equilibrium, Search Frictions, and Dynamic Efficiency in the Taxi Industry},
  author={Buchholz, Nicholas},
  journal={The Review of Economic Studies},
  year={2018}
}

@article{rust1987optimal,
  title={{Optimal replacement of GMC bus engines: An empirical model of Harold Zurcher}},
  author={Rust, John},
  journal={Econometrica: Journal of the Econometric Society},
  pages={999--1033},
  year={1987},
  publisher={JSTOR}
}

@article{humlum2021robot,
  title={Robot Adoption and Labor Market Dynamics},
  author={Humlum, Anders},
  year={2021},
  journal={Working Paper}
}


@article{couzy_amsterdam_2019,
	title = {Amsterdam scherpt hotelstop aan},
	url = {https://www.parool.nl/gs-b67ade868},
	abstract = {Amsterdam scherpt de hotelstop aan in de strijd tegen het groeiende toerisme. Nieuwe maatregelen zijn nodig om te voorkomen dat toch ongewenste hot...},
	language = {nl-NL},
	urldate = {2022-03-24},
	journal = {Het Parool},
	author = {Couzy, Michiel},
	month = may,
	year = {2019},
	note = {Section: Amsterdam},
	file = {Snapshot:/Users/eliasvanemmerick/Zotero/storage/HEVHU3KL/amsterdam-scherpt-hotelstop-aan~b67ade868.html:text/html},
}

@misc{botman_wet_2021,
	title = {Wet toeristische verhuur van woonruimte maakt regulering vakantieverhuur mogelijk},
	url = {https://blogbestuursrecht.nl/de-wet-toeristische-verhuur-van-woonruimte-maakt-regulering-vakantieverhuur-mogelijk/},
	abstract = {Wet toeristische verhuur van woonruimte geeft gemeenten instrumenten ter voorkoming en bestrijding ongewenste effecten van toeristische verhuur.},
	language = {nl},
	urldate = {2022-03-24},
	journal = {Blog Bestuursrecht},
	author = {Botman, Marleen},
	month = mar,
	year = {2021},
	file = {Snapshot:/Users/eliasvanemmerick/Zotero/storage/JTL2IQUG/de-wet-toeristische-verhuur-van-woonruimte-maakt-regulering-vakantieverhuur-mogelijk.html:text/html},
}

@article{winterman_woningcorporaties_2019,
	title = {Woningcorporaties: hoge belasting nekt bouw nieuwe huizen},
	shorttitle = {Woningcorporaties},
	url = {https://www.parool.nl/gs-bf4d2a5c},
	abstract = {Het extra geld dat het kabinet op Prinsjesdag uittrekt voor de woningmarkt, zet woningcorporaties niet aan tot nieuwbouw en verduurzaming. De corpo...},
	language = {nl-NL},
	urldate = {2022-03-24},
	journal = {Het Parool},
	author = {Winterman, Chris van Mersbergen en Peter},
	month = sep,
	year = {2019},
	note = {Section: Nederland},
	file = {Snapshot:/Users/eliasvanemmerick/Zotero/storage/X4WC7DBI/woningcorporaties-hoge-belasting-nekt-bouw-nieuwe-huizen~bf4d2a5c.html:text/html},
}

@misc{koninkrijksrelaties_evaluatie_2021,
	title = {Evaluatie {Wet} doorstroming huurmarkt 2015},
	copyright = {CC0 1.0 Universal},
	url = {https://www.rijksoverheid.nl/documenten/rapporten/2021/05/27/evaluatie-wet-doorstroming-huurmarkt-2015},
	abstract = {Evaluatie van de Wet doorstroming huurmarkt 2015. Deze wet heeft tot doel om huurders sneller naar een passende huurwoning te laten doorstromen als hun leefsituatie verandert.},
	language = {nl-NL},
	urldate = {2022-03-24},
	publisher = {Rijksoverheid},
	author = {Koninkrijksrelaties, Ministerie van Binnenlandse Zaken en},
	month = may,
	year = {2021},
	file = {Snapshot:/Users/eliasvanemmerick/Zotero/storage/E5CRD88X/evaluatie-wet-doorstroming-huurmarkt-2015.html:text/html},
}

@misc{koninkrijksrelaties_wet_nodate,
	title = {Wet doorstroming huurmarkt 2015},
	url = {https://wetten.overheid.nl/BWBR0037891/2017-01-01},
	abstract = {Wet doorstroming huurmarkt 2015},
	language = {nl},
	urldate = {2022-03-24},
	publisher = {Overheid.nl},
	author = {Koninkrijksrelaties, Ministerie van Binnenlandse Zaken en},
	file = {Snapshot:/Users/eliasvanemmerick/Zotero/storage/S228DQ6D/2017-01-01.html:text/html},
	year = 2015
}

@article{van_perlo_alle_2011,
	title = {Alle sociale huren 120 euro omhoog},
	url = {https://www.parool.nl/gs-b214c929},
	abstract = {AMSTERDAM - Minister Piet Hein Donner (Wonen) werkt aan een plan om alle huren van sociale huurwoningen in Ã©Ã©n klap met 120 euro op te trekken. Dat...},
	language = {nl-NL},
	urldate = {2022-03-24},
	journal = {Het Parool},
	author = {van Perlo, Bastiaan},
	month = mar,
	year = {2011},
	note = {Section: Voorpagina},
	file = {Snapshot:/Users/eliasvanemmerick/Zotero/storage/2VJGIDE2/alle-sociale-huren-120-euro-omhoog~b214c929.html:text/html},
}

@misc{koninkrijksrelaties_besluit_2011,
	title = {Besluit van 29 augustus 2011 tot wijziging van het {Besluit} huurprijzen woonruimte (aanpassing woningwaarderingsstelsel in verband met aanwijzing schaarstegebieden)},
	url = {https://zoek.officielebekendmakingen.nl/stb-2011-407.html},
	language = {nl},
	urldate = {2022-03-24},
	publisher = {Rijksoverheid},
	author = {Koninkrijksrelaties, Ministerie van Binnenlandse Zaken en},
	month = sep,
	year = {2011},
	note = {Publisher: Ministerie van Justitie},
	file = {Snapshot:/Users/eliasvanemmerick/Zotero/storage/WDKLXCVB/stb-2011-407.html:text/html},
}

@article{eckert2020skilled,
  title={Skilled scalable services: The new urban bias in economic growth},
  author={Eckert, Fabian and Ganapati, Sharat and Walsh, Conor},
  journal={Available at SSRN 3736487},
  year={2020}
}

@article{white1986segregation,
  title={Segregation and diversity measures in population distribution},
  author={White, Michael J},
  journal={Population index},
  pages={198--221},
  year={1986},
  publisher={JSTOR}
}

@book{shao2012jackknife,
  title={The jackknife and bootstrap},
  author={Shao, Jun and Tu, Dongsheng},
  year={2012},
  publisher={Springer Science \& Business Media}
}

@article{small1981applied,
  title={Applied welfare economics with discrete choice models},
  author={Small, Kenneth A and Rosen, Harvey S},
  journal={Econometrica: Journal of the Econometric Society},
  pages={105--130},
  year={1981},
  publisher={JSTOR}
}

@article{rust1988maximum,
  title={Maximum likelihood estimation of discrete control processes},
  author={Rust, John},
  journal={SIAM journal on control and optimization},
  volume={26},
  number={5},
  pages={1006--1024},
  year={1988},
  publisher={SIAM}
}

@article{de2019subsidies,
  title={Subsidies and time discounting in new technology adoption: Evidence from solar photovoltaic systems},
  author={De Groote, Olivier and Verboven, Frank},
  journal={American Economic Review},
  volume={109},
  number={6},
  pages={2137--72},
  year={2019}
}


@book{mas1995microeconomic,
  title={Microeconomic theory},
  author={Mas-Colell, Andreu and Whinston, Michael Dennis and Green, Jerry R and others},
  volume={1},
  year={1995},
  publisher={Oxford university press New York}
}

@book{train,
	Author = {Kenneth E. Train},
	Date-Added = {2018-12-14 03:45:25 +0000},
	Date-Modified = {2018-12-14 03:46:03 +0000},
	Publisher = {Cambridge University Press},
	Title = {Discrete Choice Methods with Simulation},
	Year = {2009}}


@article{kalouptsidi2021identification,
  title={Identification of counterfactuals in dynamic discrete choice models},
  author={Kalouptsidi, Myrto and Scott, Paul T and Souza-Rodrigues, Eduardo},
  journal={Quantitative Economics},
  volume={12},
  number={2},
  pages={351--403},
  year={2021},
  publisher={Wiley Online Library}
}

@article{saiz2010geographic,
  title={The geographic determinants of housing supply},
  author={Saiz, Albert},
  journal={The Quarterly Journal of Economics},
  volume={125},
  number={3},
  pages={1253--1296},
  year={2010},
  publisher={MIT Press}
}

@article{vermeulen2007housing,
  title={{Housing supply and land use regulation in the Netherlands}},
  author={Vermeulen, Wouter and Rouwendal, Jan},
  year={2007},
  journal={Tinbergen Institute Discussion Paper}
}

@article{caldera2013price,
  title={{The price responsiveness of housing supply in OECD countries}},
  author={Caldera, Aida and Johansson, {\AA}sa},
  journal={Journal of Housing Economics},
  volume={22},
  number={3},
  pages={231--249},
  year={2013},
  publisher={Elsevier}
}

@article{hendel2006measuring,
  title={Measuring the implications of sales and consumer inventory behavior},
  author={Hendel, Igal and Nevo, Aviv},
  journal={Econometrica},
  volume={74},
  number={6},
  pages={1637--1673},
  year={2006},
  publisher={Wiley Online Library}
}

@article{adao2019shift,
  title={Shift-share designs: Theory and inference},
  author={Adao, Rodrigo and Koles{\'a}r, Michal and Morales, Eduardo},
  journal={The Quarterly Journal of Economics},
  volume={134},
  number={4},
  pages={1949--2010},
  year={2019},
  publisher={Oxford University Press}
}

@article{borusyak2022quasi,
  title={Quasi-experimental shift-share research designs},
  author={Borusyak, Kirill and Hull, Peter and Jaravel, Xavier},
  journal={The Review of economic studies},
  volume={89},
  number={1},
  pages={181--213},
  year={2022},
  publisher={Oxford University Press}
}